<?xml version="1.0" encoding="UTF-8"?><record xmlns="http://www.loc.gov/MARC21/slim" xmlns:cinclude="http://apache.org/cocoon/include/1.0" xmlns:zs="http://www.loc.gov/zing/srw/">
  <leader>00461nz  a2200145n  4500</leader>
  <controlfield tag="001">no 98042344 </controlfield>
  <controlfield tag="003">DLC</controlfield>
  <controlfield tag="005">19980127071451.3</controlfield>
  <controlfield tag="008">980126n| acannaab|          |n aad     c</controlfield>
  <datafield tag="010" ind1=" " ind2=" ">
    <subfield code="a">no 98042344 </subfield>
  </datafield>
  <datafield tag="035" ind1=" " ind2=" ">
    <subfield code="a">(OCoLC)oca04626169 </subfield>
  </datafield>
  <datafield tag="040" ind1=" " ind2=" ">
    <subfield code="a">OCoLC</subfield>
    <subfield code="c">OCoLC</subfield>
  </datafield>
  <datafield tag="100" ind1="1" ind2="0">
    <subfield code="a">Rațiu, Adrian.</subfield>
    <subfield code="t">Impressi</subfield>
  </datafield>
  <datafield tag="667" ind1=" " ind2=" ">
    <subfield code="a">Machine-derived authority record.</subfield>
  </datafield>
  <datafield tag="670" ind1=" " ind2=" ">
    <subfield code="a">LCCN 95-701006: Ansamblul "Ars Nova" din Cluj-Napoca Formația "Ars Nova", dirijor Cornel Țăranu, 1979?</subfield>
  </datafield>
</record>